11531224863381964172616399212882111317231429913817
18313329323657211122719388595519612741845134392113
98219115434141421868279411222661677141264126122613
72468616171219261979137713338622164316912423318213
72835328115183115111335641625533621122495915134613
25159291372127183429495169221117136218593181187196
49165125521443225172152342999583193816216617673491
62621173221134779136925956498739141435466324337111
73922518998738127979586912384374535514152313318213
84139922511889938373971242619421997128375118412165
52311481229265822184248291178525481962151695693937
69693941244322231951753312965219281395973315827182
14921159835119815622574182111129251173229211954831
33373875284246329494334492118318921866899311414318
29199938311631216523121682968938764488795629499466
98311313655131216819813211112412252462117212451145
17276943149533529845645336841978362781191283367664
22718129171721517811172231148521121219811216676714
96411812312231413851641353926375594719548195298212
48427737196135519342241886414251663891221361651281
11922279662371988353111122319148361192235356313251
45875216611341422241852121196712232326472646725265
78419781281599815422111195313971791235644843814797
72841667959582411319991929192116217711444355424341
15218782812431125843893651713941928836592182273738
13273214415169919647821294841163687132481975221871
54322217847594639819823289412142177781165314119717
11859124199121677685986752272352439572418987189292
21423911976931654259319979142838774739349226687329
25176719221593125421911751271582149713412139112132
74221951521921142612154871812199282521329168762188
36196954113961234421552125192618911399212511999599
28953331237729931122941826246614912477951599718836
14211454242293772893718131292445891451132877482542
42261399424294319155751928435857494193481331739352
16824177519439914852716712482683113785719483414532
99169218531411626532863945269481212723787296831983
32517217277171311973392613112115195414598521737961
42244119112153238118731181441319113622113239941942
22459981551381611216312722853199367182811237521419
51281991911177469314241976965359443361821919312322
61859821216723291891157135158546629691138117694683
54472954617113812315899189474622826876492131218429
82579249484124734519617498986964131373929944167923
51891822914373141984892121414821845316974612269315
45551931843119118779996281973215516698741191313811
11214376214391491193532959412212226117861699172911
31819211817131841619423831649189824754214199293292
21442121135631358733127391932342269741313751599782
31394443615911958129582627117199313395911198231111